@misc{Afek2007,
  title  = {Dangling pointer: Smashing the pointer for fun and profit},
  author = {Afek, Jonathan and Sharabani, Adi},
  year   = {2007}
}

@inproceedings{Balasubramanian2017,
  title     = {System programming in Rust: Beyond safety},
  author    = {Balasubramanian, Abhiram and Baranowski, Marek S and Burtsev, Anton and Panda, Aurojit and Rakamari {\'c} , Zvonimir and Ryzhyk, Leonid},
  booktitle = {Proceedings of the 16th Workshop on Hot Topics in Operating Systems},
  pages     = {156--161},
  year      = {2017}
}

@misc{Boehm2002,
  title  = {A garbage collector for C and C++},
  author = {Boehm, Hans and Demers, Alan and Weiser, Mark},
  year   = {2002}
}

@article{Choi1999,
  title   = {Escape analysis for Java},
  author  = {Jong Deok Choi and Manish Gupta and Mauricio Serrano and Vugranam C. Sreedhar and Sam Midkiff},
  journal = {SIGPLAN Notices (ACM Special Interest Group on Programming Languages)},
  doi     = {10.1145/320385.320386},
  year    = {1999}
}

@article{Collins1960,
  title     = {A method for overlapping and erasure of lists},
  author    = {Collins, George E},
  journal   = {Communications of the ACM},
  volume    = {3},
  number    = {12},
  pages     = {655--657},
  year      = {1960},
  publisher = {ACM New York, NY, USA}
}

@inproceedings{Dhurjati2003,
  title     = {Memory safety without runtime checks or garbage collection},
  author    = {Dhurjati, Dinakar and Kowshik, Sumant and Adve, Vikram and Lattner, Chris},
  booktitle = {Proceedings of the 2003 ACM SIGPLAN conference on Language, compiler, and tool for embedded systems},
  pages     = {69--80},
  year      = {2003}
}

@article{Dimov2003,
  title   = {N1450: A Proposal to Add General Purpose Smart Pointers to the Library Technical Report},
  author  = {Dimov, Peter and Dawes, Beman and Colvin, Greg},
  journal = {C++ Standards Committee Papers},
  year    = {2003}
}

@article{Dos2011,
  title     = {A principled, complete, and efficient representation of C++},
  author    = {Dos Reis, Gabriel and Stroustrup, Bjarne},
  journal   = {Mathematics in Computer Science},
  volume    = {5},
  number    = {3},
  pages     = {335--356},
  year      = {2011},
  publisher = {Springer}
}

@inproceedings{Duffy2014,
  title     = {Exploiting the Clang AST for analysis of C++ applications},
  author    = {Duffy, Edward B and Malloy, Brian A and Schaub, Stephen},
  booktitle = {Proceedings of the 52nd annual ACM southeast conference},
  year      = {2014}
}

@inproceedings{Flood2016,
  title     = {Shenandoah: An open-source concurrent compacting garbage collector for openjdk},
  author    = {Flood, Christine H and Kennke, Roman and Dinn, Andrew and Haley, Andrew and Westrelin, Roland},
  booktitle = {Proceedings of the 13th International Conference on Principles and Practices of Programming on the Java Platform: Virtual Machines, Languages, and Tools},
  pages     = {1--9},
  year      = {2016}
}

@inproceedings{Gaynor2020,
  title     = {Linux Kernel Modules in Rust},
  author    = {Gaynor, Alex and Thomas, Geoffrey},
  booktitle = {Proceedings of the Linux Security Summit North America 2019},
  year      = {2019}
}

@misc{Hostfelt2019,
  title  = {Implications of Rewriting a Browser Component in Rust},
  author = {Diane Hosfelt},
  year   = {2019},
  url    = {https://hacks.mozilla.org/2019/02/rewriting-a-browser-component-in-rust/}
}

@article{Huck2016,
  title     = {Source transformation of C++ codes for compatibility with operator overloading},
  author    = {H{\"u}ck, Alexander and Utke, Jean and Bischof, Christian},
  journal   = {Procedia Computer Science},
  volume    = {80},
  pages     = {1485--1496},
  year      = {2016},
  publisher = {Elsevier}
}

@misc{ICO2020,
  title  = {ICO fines British Airways 20m for data breach affecting more than 400,000 customers},
  author = {{Information~Commissioner's~Office}},
  year   = {2020},
  url    = {https://ico.org.uk/about-the-ico/news-and-events/news-and-blogs/2020/10/ico-fines-british-airways-20m-for-data-breach-affecting-more-than-400-000-customers/}
}

@inproceedings{Kumar2012,
  title        = {Rejuvenating C++ programs through demacrofication},
  author       = {Kumar, Aditya and Sutton, Andrew and Stroustrup, Bjarne},
  booktitle    = {2012 28th IEEE International Conference on Software Maintenance (ICSM)},
  pages        = {98--107},
  year         = {2012},
  organization = {IEEE}
}

@article{Lattner2004,
  title   = {LLVM: A compilation framework for lifelong program analysis \& transformation},
  author  = {Chris Lattner and Vikram Adve},
  journal = {International Symposium on Code Generation and Optimization},
  doi     = {10.1109/CGO.2004.1281665},
  year    = {2004}
}

@misc{Liden2018,
  title  = {JEP 333: ZGC: A Scalable Low-Latency Garbage Collector},
  author = {Liden, Per and Karlsson, Stefan},
  year   = {2018},
  url    = {https://openjdk.java.net/jeps/333}
}

@article{Lin2016,
  title     = {Rust as a language for high performance GC implementation},
  author    = {Lin, Yi and Blackburn, Stephen M and Hosking, Antony L and Norrish, Michael},
  journal   = {ACM SIGPLAN Notices},
  volume    = {51},
  number    = {11},
  pages     = {89--98},
  year      = {2016},
  publisher = {ACM New York, NY, USA}
}

@inproceedings{Malas1997,
  title        = {F-22 radar development},
  author       = {Malas, John A},
  booktitle    = {Proceedings of the IEEE 1997 National Aerospace and Electronics Conference. NAECON 1997},
  volume       = {2},
  pages        = {831--839},
  year         = {1997},
  organization = {IEEE}
}

@misc{Miller2019,
  title  = {Trends, challenge, and shifts in software vulnerability mitigation},
  author = {Miller, Matt},
  year   = {2019},
  url    = {https://github.com/microsoft/MSRC-Security-Research/tree/master/presentations/2019_02_BlueHatIL}
}

@inproceedings{Pirkelbauer2010,
  title        = {Source code rejuvenation is not refactoring},
  author       = {Pirkelbauer, Peter and Dechev, Damian and Stroustrup, Bjarne},
  booktitle    = {International Conference on Current Trends in Theory and Practice of Computer Science},
  pages        = {639--650},
  year         = {2010},
  organization = {Springer}
}

@inproceedings{Rosen1988,
  title     = {Global value numbers and redundant computations},
  author    = {Rosen, Barry K and Wegman, Mark N and Zadeck, F Kenneth},
  booktitle = {Proceedings of the 15th ACM SIGPLAN-SIGACT symposium on Principles of programming languages},
  pages     = {12--27},
  year      = {1988}
}

@book{Stroustrup2000,
  title     = {The C++ programming language},
  author    = {Stroustrup, Bjarne},
  year      = {2000},
  publisher = {Pearson Education India}
}

@book{Stroustrup2018,
  title     = {A Tour of C++},
  author    = {Stroustrup, Bjarne},
  publisher = {Addison-Wesley Professional},
  year      = {2018}
}

@article{Tauro2012,
  title     = {CMS and G1 Collector in Java 7 Hotspot: Overview, Comparisons and Performance Metrics},
  author    = {Tauro, C and Prabhu, M and Saldanha, V},
  journal   = {International Journal of Computer Applications},
  volume    = {43},
  number    = {11},
  year      = {2012},
  publisher = {International Journal of Computer Applications, 244 5 th Avenue,\# 1526, New~â€¦}
}

@misc{Thomas2019,
  title  = {A proactive approach to more secure code},
  author = {Gavin Thomas},
  year   = {2019},
  url    = {https://msrc-blog.microsoft.com/2019/07/16/a-proactive-approach-to-more-secure-code/}
}

@article{Vardi2018,
author = {Vardi, Moshe Y.},
title = {Move Fast and Break Things},
year = {2018},
issue_date = {September 2018},
publisher = {Association for Computing Machinery},
address = {New York, NY, USA},
volume = {61},
number = {9},
issn = {0001-0782},
url = {https://doi.org/10.1145/3244026},
doi = {10.1145/3244026},
journal = {Commun. ACM},
month = aug,
pages = {7},
numpages = {1}
}

@article{Winters2020,
  title   = {P1863R1: ABI - Now or Never},
  author  = {Winters, Titus},
  journal = {C++ Standards Committee Papers},
  year    = {2020}
}

@inproceedings{Wright2013,
  title        = {Large-scale automated refactoring using ClangMR},
  author       = {Wright, Hyrum K and Jasper, Daniel and Klimek, Manuel and Carruth, Chandler and Wan, Zhanyong},
  booktitle    = {2013 IEEE International Conference on Software Maintenance},
  pages        = {548--551},
  year         = {2013},
  organization = {IEEE}
}
