@article{Choi1999,
    author = {Jong Deok Choi and Manish Gupta and Mauricio Serrano and Vugranam C. Sreedhar and Sam Midkiff},
    doi = {10.1145/320385.320386},
    journal = {SIGPLAN Notices (ACM Special Interest Group on Programming Languages)},
    title = {Escape analysis for Java},
    year = {1999},
}

@inproceedings{Lattner2004,
    author = {Chris Lattner and Vikram Adve},
    doi = {10.1109/CGO.2004.1281665},
    journal = {International Symposium on Code Generation and Optimization},
    title = {LLVM: A compilation framework for lifelong program analysis & transformation},
    year = {2004},
}

@misc{Miller2019,
    title = {Trends, challenge, and shifts in software vulnerability mitigation},
    author = {Miller, Matt},
    year = {2019},
    url = "https://google.com"
}

@misc{ICO2020,
    author = {Information Commissioner's Office},
    title = {ICO fines British Airways Â£20m for data breach affecting more than 400,000 customers},
    year = {2020},
    url = "https://ico.org.uk/about-the-ico/news-and-events/news-and-blogs/2020/10/ico-fines-british-airways-20m-for-data-breach-affecting-more-than-400-000-customers/"
}

@misc{Thomas2019,
    author = {Gavin Thomas},
    title = {A proactive approach to more secure code},
    year = {2019},
    url = "https://msrc-blog.microsoft.com/2019/07/16/a-proactive-approach-to-more-secure-code/"
}

@misc{Hostfelt2019,
    author = {Diane Hosfelt},
    title = {Implications of Rewriting a Browser Component in Rust},
    year = {2019},
    url = "https://hacks.mozilla.org/2019/02/rewriting-a-browser-component-in-rust/"
}

@inproceedings{Balasubramanian2017,
    title = {System programming in Rust: Beyond safety},
    author = {Balasubramanian, Abhiram and Baranowski, Marek S and Burtsev, Anton and Panda, Aurojit and Rakamari {\'c} , Zvonimir and Ryzhyk, Leonid},
    booktitle = {Proceedings of the 16th Workshop on Hot Topics in Operating Systems},
    pages = {156--161},
    year = {2017}
}

@book{Stroustrup2018,
    title = {A Tour of C++},
    author = {Stroustrup, Bjarne},
    year = {2018},
    publisher = {Addison-Wesley Professional}
}

@article{Dimov2003,
    author = {Dimov, Peter and Dawes, Beman and Colvin, Greg},
    title = {A Proposal to Add General Purpose Smart Pointers to the Library Technical Report},
    journal = {C++ Standards Committee Papers},
    year = {2003},
    url = "http://open-std.org/jtc1/sc22/wg21/docs/papers/2003/n1450.html",
}
